@online{rustatomicsbook,
    author = {Mara Bos},
    title = {Rust Atomics and Locks},
    year= 2015,
    url  = {https://marabos.nl/atomics/},
    urldate = {2023-09-03}
}